@article{ArnoldWade1984,
  title     = {On the measurement of natural and sexual selection: applications.},
  author    = {Arnold, G. and Wade, L.},
  journal   = {\textit{Evolution}},
  volume    = {38},
  pages     = {720--734},
  year      = {1984.},
  publisher = {Wiley}
}

@Book{ArnqvistRowe2005,
  author    = {G. Arnqvist and L. Rowe},
  title     = {Sexual conflict},
  pages     = {},
  publisher = {Princeton University Press},
  year      = {2005.},
  address   = {Princeton, NJ, USA}
}

@article{Bateman1948,
  title     = {Intra-sexual selection in \textit{Drosophila}.},
  author    = {Bateman, D.},
  journal   = {\textit{Heredity}},
  volume    = {2},
  pages     = {349--368},
  year      = {1948.},
  publisher = {}
}

@article{BenitezVillalobos2012,
  title     = {Reproductive biology of \textit{Opiocoma aethiops} and \textit{O. alexandri} (Echinodermata: Ophiuroidea) from Estacahuite Bay, Oaxaca, Mexico.},
  author    = {Ben\'{i}tez-Villalobos, F. and Aguilar-Duarte, C. and  Avila-Poveda O.~H.},
  journal   = {\textit{Aquat.~Biol.}},
  volume    = {17},
  pages     = {119--128},
  year      = {2012.},
  publisher = {}
}

@Book{BirkheadMoller1998,
  author    = {Birkhead, G. and M{\o}ller, L.},
  title     = {Sperm competition and sexual selection.},
  pages     = {},
  publisher = {Academic Press},
  year      = {1998.},
  address   = {San Diego, CA, USA}
}

@article{BodeMarshall2007,
  title     = {The quick and the dead? sperm competition and sexual conflict in the sea.},
  author    = {Bode, M. and Marshall, D.~J.},
  journal   = {\textit{Evolution}},
  volume    = {61},
  pages     = {2693--2700},
  year      = {2007.},
  publisher = {}
}

@article{Coe1936,
  title     = {Sexual phases in \textit{Crepidula}.},
  author    = {Coe, D.},
  journal   = {\textit{J.~Exp.~Zool.}},
  volume    = {72},
  pages     = {455--477},
  year      = {1936.},
  publisher = {}
}

@article{DennyShib1989,
  title     = {Consequences of surf-zone turbulence for settlement and external fertilization.},
  author    = {Denny, M.~W. and Shibata, M.~F.},
  journal   = {\textit{American Naturalist}},
  volume    = {164},
  pages     = {859--889},
  year      = {1989.},
  publisher = {}
}

@article{FriedmanBarrett2009,
  title     = {Wind of change: new insights on the ecology and evolution of pollination and mating in wind-pollinated plants.},
  author    = {Friedman, J. and Barrett, S.~C.~H.},
  journal   = {\textit{Annals of Botany}},
  volume    = {103},
  pages     = {1515--1527},
  year      = {2009.},
  publisher = {}
}

@article{GageEtAl1995,
  title     = {Effects of alternative male mating strategies on characteristics of sperm production in Atlantic salmon (\textit{Salmo salar}): theoretical and empirical investigations.},
  author    = {Gage, M.~J.~G. and Stockley, P. and Parker, G.~A.},
  journal   = {\textit{Phil.~Trans.~Roy.~Soc.~Lond.~B}},
  volume    = {350},
  pages     = {391--399},
  year      = {1995.},
  publisher = {}
}

@article{GelmanRubin1992,
  title     = {Inference from iterative simulation using multiple sequences.},
  author    = {Gelman, A. and Rubin, D.~B.},
  journal   = {\textit{Statistical Science}},
  volume    = {7},
  pages     = {457--472},
  year      = {1992.},
  publisher = {}
}

@article{Ghiselin1969,
  title     = {The evolution of hermaphroditism among animals.},
  author    = {Ghiselin, M.},
  journal   = {\textit{Q.~Rev.~Biol.}},
  volume    = {44},
  pages     = {189--208},
  year      = {1969.},
  publisher = {}
}

@article{HootenHobbs2015,
  title     = {A guide to Bayesian model selection for ecologists.},
  author    = {Hooten, M.~B. and Hobbs, N.~T.},
  journal   = {\textit{Ecol.~Mono.}},
  volume    = {85},
  pages     = {3--28},
  year      = {2015.},
  publisher = {}
}

@article{JohnsonYund2009,
  title     = {Effects of fertilization distance on male gain curves in a free-spawning marine invertebrate: a combined empirical and theoretical approach.},
  author    = {Johnson, G.~J. and Yund, P.~O.},
  journal   = {\textit{Evolution}},
  volume    = {63},
  pages     = {3114--3123},
  year      = {2009.},
  publisher = {}
}

@article{Kenagy1986,
  title     = {Size and function of mammalian testes in relation to body size.},
  author    = {Kenagy, G.~J. and Trombulak, S.~C.},
  journal   = {\textit{J.~Mammal.}},
  volume    = {67},
  pages     = {1--22},
  year      = {1986.},
  publisher = {}
}

@article{Kupriyanova2013,
  title     = {Effects of temperature on sperm swimming behaviour, respiration, and fertilization success in the serpulid polychaete, \textit{Galeolaria caespitosa} (Annelida: Serpulidae).},
  author    = {Kupriyanova, E.~K. and Havenhand, J.~N.},
  journal   = {\textit{Inv.~Repro.~Devel.}},
  volume    = {48},
  pages     = {7--17},
  year      = {2013.},
  publisher = {}
}

@incollection{Levitan1988,
  author      = "Levitan, Don",
  title       = "Asynchronous spawning and aggregative behavior in the sea urchin \textit{Diadema antillarum} (Philippi).",
  editor      = "Burke et.~al.",
  booktitle   = "Echinoderm Biology",
  publisher   = "",
  address     = "Balkema, Rotterdam, NL",
  year        = 1988,
  pages       = "",
  chapter     = "",
}

@article{Levitan1991,
  title     = {Influence of body size and population density on fertilization success and reproductive output in a free-spawning invertebrate.},
  author    = {Levitan, D.},
  journal   = {\textit{Biol.~Bull.}},
  volume    = {181},
  pages     = {261--268},
  year      = {1991.},
  publisher = {}
}

@article{Levitan1998,
  title     = {Does Bateman's principle apply to broadcast-spawning organisms? Egg traits influence in situ fertilization rates among congeneric sea urchins.},
  author    = {Levitan, D.},
  journal   = {\textit{Evolution}},
  volume    = {52},
  pages     = {1043--1056},
  year      = {1998.},
  publisher = {}
}

@article{Levitan2002,
  title     = {Density-dependent selection on gamete traits in three congeneric sea urchins.},
  author    = {Levitan, D.},
  journal   = {\textit{Ecology}},
  volume    = {83},
  pages     = {464--479},
  year      = {2002.},
  publisher = {}
}

@article{Levitan2004,
  title     = {Density-dependent sexual selection in external fertilizers: variances in male and female fertilization success along the continuum from sperm limitation to sexual conflict in the sea urchin \textit{Strongylocentrotus franciscanus}.},
  author    = {Levitan, D.},
  journal   = {\textit{American Naturalist}},
  volume    = {164},
  pages     = {298--309},
  year      = {2004.},
  publisher = {}
}

@article{Levitan2005,
  title     = {Sex-specific spawning behaviour and its consequences in an external fertilizer.},
  author    = {Levitan, D.},
  journal   = {\textit{American Naturalist}},
  volume    = {165},
  pages     = {682--694},
  year      = {2005.},
  publisher = {}
}

@incollection{LotterhosLevitan2011,
  author      = "Lotterhos, K.~E. and Levitan, D.",
  title       = "Gamete release and spawning behaviour in broadcast spawning marine invertebrates",
  editor      = "Leonard, J.~L. and C\'{o}rdoba-Aguilar, A.",
  booktitle   = "The evolution of primary sexual characters in animals",
  publisher   = "Oxford University Press",
  address     = "Oxford, U.K.",
  year        = 2011,
  pages       = "99--120",
}

@article{LoyaSakai2008,
  title     = {Bidirectional sex change in mushroom stony corals.},
  author    = {Loya, Y. and Sakai, K.},
  journal   = {\textit{Proc.~Roy.~Soc.~B }},
  volume    = {275},
  pages     = {2335--2343},
  year      = {2008.},
  publisher = {}
}

@article{Marshall2002,
  title     = {\textit{In situ} measures of spawning synchrony and fertilization success in an intertidal, free-spawning invertebrate.},
  author    = {Marshall, D.~J.},
  journal   = {\textit{Mar.~Ecol.~Prog.~Ser.}},
  volume    = {236},
  pages     = {113--119},
  year      = {2002.},
  publisher = {}
}

@article{MarshallBolton2007,
  title     = {Sperm release strategies in marine broadcast spawners: the costs of releasing sperm quickly.},
  author    = {Marshall, D.~J. and Bolton, T.~F.},
  journal   = {\textit{J.~Exp.~Biol.}},
  volume    = {210},
  pages     = {3720--3727},
  year      = {2007.},
  publisher = {}
}

@article{MarshallEvans2005a,
  title     = {The benefits of polyandry in the free-spawning polychaete \textit{Galeolaria caespitosa}.},
  author    = {Marshall, D.~J. and Evans, J.~P.},
  journal   = {\textit{J.~Evol.~Biol.}},
  volume    = {18},
  pages     = {735--741},
  year      = {2005.},
  publisher = {}
}

@article{MarshallEvans2005b,
  title     = {Does egg competition occur in marine broadcast spawners?},
  author    = {Marshall, D.~J. and Evans, J.~P.},
  journal   = {\textit{J.~Evol.~Biol.}},
  volume    = {18},
  pages     = {1244--1252},
  year      = {2005.},
  publisher = {}
}

@article{Marshall2004,
  title     = {Consequences of spawning at low tide: limited gamete dispersal for a rockpool anemone.},
  author    = {Marshall, D.~J. and Semmens, D. and Cook, C.},
  journal   = {\textit{Mar.~Ecol.~Prog.~Ser.}},
  volume    = {266},
  pages     = {135--142},
  year      = {2004.},
  publisher = {}
}

@article{McEuan1988,
  title     = {Spawning behaviors of northeast Pacific sea cucumbers (Holothuroidea: Ecinodermata).},
  author    = {McEuan, F.~S.},
  journal   = {\textit{Marine Biology}},
  volume    = {98},
  pages     = {565--585},
  year      = {1988.},
  publisher = {}
}

@article{MonroMarshall2015,
  title     = {The biogeography of fertilisation mode in the sea.},
  author    = {Monro, K. and Marshall, D.~J.},
  journal   = {\textit{Global Ecology and Biogeography.} doi: 10.1111/geb.12358},
  volume    = {24},
  pages     = {1499--1509},
  year      = {2015.},
  doi       = {}
}

@article{MundayWarner2006,
  title     = {Diversity and flexibility of sex-change strategies in animals.},
  author    = {Munday, P.~L. and Buston, P.~M. and Warner, R.~R.},
  journal   = {\textit{TREE}},
  volume    = {21},
  pages     = {89--95},
  year      = {2006.},
  doi       = {}
}

@article{Olito2015,
  title     = {Evolutionary consequences of fertilization mode for reproductive phenology and asynchrony.},
  author    = {Olito, C. and Bode, M. and Marshall, D.~J.},
  journal   = {\textit{Mar.~Ecol.~Prog.~Ser.}},
  volume    = {537},
  pages     = {23--38},
  year      = {2015.},
  doi       = {}
}

@article{Olito2017,
  title     = {The Evolution of Reproductive Phenology in Broadcast Spawners and the Maintenance of Sexually Antagonistic Polymorphism.},
  author    = {Olito, C. and Marshall, D.~J. and Connallon, T.},
  journal   = {\textit{American Naturalist}},
  volume    = {189},
  pages     = {153--169},
  year      = {2017.},
  doi       = {}
}

@article{Parker1982,
  title     = {Why are there so many tiny sperm? sperm competition and the maintenance of two sexes.},
  author    = {Parker, G.~A.},
  journal   = {\textit{J.~Theor.~Biol.}},
  volume    = {96},
  pages     = {281--294},
  year      = {1982.},
  doi       = {}
}

@article{Parker1990a,
  title     = {Sperm competition games: raffles and roles.},
  author    = {Parker, G.~A.},
  journal   = {\textit{Proc.~Roy.~Soc.~B}},
  volume    = {242},
  pages     = {120--126},
  year      = {1990.},
  doi       = {}
}

@article{Parker1990b,
  title     = {Sperm competition Games: sneaks and extra-pair copulations.},
  author    = {Parker, G.~A.},
  journal   = {\textit{Proc.~Roy.~Soc.~B}},
  volume    = {242},
  pages     = {127--133},
  year      = {1990.},
  doi       = {}
}

@article{Parker1972,
  title     = {The origin and evolution of gamete dimorphism and the male-female phenomenon.},
  author    = {Parker, G.~A. and Baker, R.~R. and Smith, V.~G.~F.},
  journal   = {\textit{J.~Theor.~Biol.}},
  volume    = {36},
  pages     = {529--553},
  year      = {1972.},
  doi       = {}
}

@article{Parker2017,
  title     = {The evolution of gonad expenditure and gonadosomatic index (GSI) in male and female broadcast-spawning invertebrates.},
  author    = {Parker, G.~A. and  Ramm, S.~A. and Lehtonen, J. and Henshaw, J.~M.},
  journal   = {\textit{Biological Reviews} doi: 10.1111/brv.12363},
  volume    = {},
  pages     = {},
  year      = {2017},
  doi       = {}
}

@article{PetersenEtAl2001,
  title     = {Components of fertilization success in the bluehead wrasse, \textit{Thalassoma bifasciatum}.},
  author    = {Petersen, C.~W. and Warner, R.~R. and Shapiro, D.~Y. and Marconato, A.},
  journal   = {\textit{Behavioral Ecology}},
  volume    = {12},
  pages     = {237--245},
  year      = {2001.},
  doi       = {}
}

@article{QuesneHawkins2006,
  title     = {Direct observations of protandrous sex change in the patellid limpet \textit{Patella vulgata}.},
  author    = {Quesne, W.~J.~F. and Hawkins, S.~J.},
  journal   = {\textit{J.~Mar.~Biol.~Ass.~U.K.}},
  volume    = {86},
  pages     = {161--162},
  year      = {2006.},
  doi       = {}
}

@Manual{R2016,
    title = {R: A Language and Environment for Statistical Computing},
    author = {{R Core Team}},
    organization = {R Foundation for Statistical Computing},
    address = {Vienna, Austria},
    year = {2016.},
    url = {http://www.R-project.org/},
  }

@article{RouFitz1994,
  title     = {Broadcasting fables: is external fertilization really primitive? Sex, size, and larvae in sabellid polychaetes.},
  author    = {Rouse, G. and Fitzhugh, K.},
  journal   = {\textit{Zoologica Scripta}},
  volume    = {23},
  pages     = {271--312},
  year      = {1994.},
  doi       = {}
}

@Manual{Stan2016,
    title = {RStan: the R interface to Stan. R package version 2.14.1},
    author = {{Stan Development Team}},
    organization = {},
    address = {},
    year = {2016.},
    url = {http://mc-stan.org}
  }

@article{Sewell1994,
  title     = {Small size, brooding, and protandry in the Apodid sea cucumber \textit{Leptosynapta clarki}.},
  author    = {Sewell, D.},
  journal   = {\textit{Biological Bulletin}},
  volume    = {187},
  pages     = {112--123},
  year      = {1994.},
  doi       = {}
}

@Book{Strathmann1987,
  author    = {M.~F. Strathmann},
  title     = {Reproduction and development of marine invertebrates of the northern Pacific coast. Data and methods for the study of eggs, embryos, and larvae},
  pages     = {},
  publisher = {University of Washington Press},
  year      = {1987.},
  address   = {Washington, USA}
}

@article{Styan2003,
  title     = {Scallop size does not predict amount or rate of induced sperm release.},
  author    = {Styan, C.~A. and Butler, A.~J.},
  journal   = {\textit{Mar.~Fresh.~Behav.~Phys.}},
  volume    = {36},
  pages     = {59--65},
  year      = {2003.},
  doi       = {}
}

@article{Vehtari2016,
  title     = {Practical Bayesian model evaluation using leave-one-out cross-validation and WAIC.},
  author    = {Vehtari, A. and Gelman, A. and Gabry, J.},
  journal   = {\textit{Statistical Computing} doi: 10.1007/s11222-016-9696-4},
  volume    = {},
  pages     = {},
  year      = {2016.},
  doi       = {}
}

@article{Warner1975,
  title     = {The adaptive significance of sequential hermaphroditism in animals.},
  author    = {Warner, R.~R.},
  journal   = {\textit{American Naturalist}},
  volume    = {109},
  pages     = {61--82},
  year      = {1975.},
  doi       = {}
}

@article{Warner1988,
  title     = {Sex change and the size advantage model.},
  author    = {Warner, R.~R.},
  journal   = {\textit{TREE}},
  volume    = {3},
  pages     = {133--136},
  year      = {1988.},
  doi       = {}
}

@article{Wedell2002,
  title     = {Sperm competition, male prudence, and sperm-limited females.},
  author    = {Wedell, N. and Gage, M.~J.~G. and Parker, G.~A.},
  journal   = {\textit{TREE}},
  volume    = {17},
  pages     = {313--320},
  year      = {2002.},
  doi       = {}
}

@article{YundMeidel2003,
  title     = {Sea urchin spawning in benthic boundary layers: are eggs fertilized before advecting away from females?},
  author    = {Yund, P.~O. and Meidel, S.~K.},
  journal   = {\textit{Limn. and Ocean.}},
  volume    = {48},
  pages     = {795--801},
  year      = {2003.},
  doi       = {}
}

@incollection{Zhang2006,
  author      = "Zhang, Da-Yong",
  title       = "Evolutionarily stable reproductive investment and sex allocation in plants",
  editor      = "Harder, L.~D. and Barrett, S.~C.~H.",
  booktitle   = "Ecology and evolution of flowers",
  publisher   = "Oxford University Press",
  address     = "Oxford, UK",
  year        = 2006,
  pages       = "41--60",
  chapter     = "",
}
